01REMESSA01COBRANCA       000000000000                                      341BANCO ITAU SA  000000                                                                                                                                                                                                                                                                                                      000001
10000000000000000000000000000    0000                         000000000000000000000000                      00          000000000000000000034100000   000000    00000000000000000000000000000000000000000000000000000000000000000000000000                                                                                            00000000                                                   00000000 000002
9                                                                                                                                                                                                                                                                                                                                                                                                         000003

